% This file was created with JabRef 2.6.
% Encoding: UTF-8

@string{TransASSP = "IEEE Trans. on Acoustics, Speech, and Signal Processing"}
@string{TransSAP = "IEEE Trans. on Speech and Audio Processing"}
@string{TransSP = "IEEE Trans. on Signal Processing"}
@string{TransIT = "IEEE Trans. on Information Theory"}
@string{TransAU = "IEEE Trans. on Audio Electroacoustics"}
@string{TransIP = "IEEE Trans. on Image Processing"}

@string{Pervasive = "IEEE Pervasive Computing"}

@string{JASA = "J. of the Acoustic Society of America"}

@string{CVPR = "Proc. of the Conf. on CVPR"}

@string{ECCV = "Proc. European Conf. on Computer Vision"}

@string{ProcIJCAI = "Proc. Int. Joint Conf. on Artificial Intelligence"}

@string{DARPAISTO = "DARPA Information Science and Technology Office"}

@string{LNAI =	"Lecture Notes in Artificial Intelligence"}

@string{ICSLP =	"Proc. Int. Conf. on Spoken Language Processing"}

@string{ICA3PP = "Int. Conf. on Algorithms And Architectures for Parallel Processing"}

@string{ICIP = "Int. Conf. on Image Processing"}

@string{IECON = "Proc. Annual Conference of the IEEE Industrial Electronics Society"}

@string{IJCV = "Int. J. of Computer Vision"}

@string{SST = "Proc. Australian International Conference on Speech Science and Technology"}

@string{CAIP = "Proc. Int. Conf. on Computer Analysis of Images and Patterns"}

@STRING{ASRU = {Proc. of the Workshop on Automatic Speech Recognition and Understanding}}

@STRING{Computer = {IEEE Computer}}

@STRING{CSL = {Computer Speech \& Language}}

@STRING{DARPASISTO = {DARPA Software and Intelligent Systems Technology Office}}

@STRING{DAS = {Proc. of the Int. Workshop on Document Analysis Systems}}

@STRING{ELCVIA = {Electronic Letters on Computer Vision and Image Analysis}}

@STRING{EUROSPEECH = {Proc. of the European Conf. on Speech Communication and Technology}}

@STRING{EUSIPCO = {Proc. of the European Signal Processing Conf.}}

@STRING{HIP = {Proc. of the Int. Workshop on Historical Document Imaging and Processing}}

@STRING{ICASSP = {Proc. of the Int. Conf. on Acoustics, Speech, and Signal Processing}}

@STRING{ICCV = {Proc. of the Int. Conf. on Computer Vision}}

@STRING{ICDAR = {Proc. of the ICDAR}}

@STRING{ICFHR = {Proc. of the ICFHR}}

@STRING{ICPR = {Proc. of the Int. Conf. on Pattern Recognition}}

@STRING{IJDAR = {Int. Journal on Document Analysis and Recognition}}

@STRING{IJPRAI = {Int. Journal on Pattern Recognition and Artificial Intelligence}}

@STRING{Interspeech = {Proc. of the Ann. Conf. Int. Speech Comm. Assoc.}}

@STRING{IWFHR = {Proc. of the Int. Workshop on Frontiers in Handwriting Recognition}}

@STRING{IWFHR6 = {Proc. of the 6th Int. Workshop on Frontiers in Handwriting Recognition}}

@STRING{IWFHR7 = {Proc. of the 7th Int. Workshop on Frontiers in Handwriting Recognition}}

@STRING{IWFHR8 = {Proc. of the 8th Int. Workshop on Frontiers in Handwriting Recognition}}

@STRING{LNCS = {Lecture Notes in Computer Science}}

@STRING{PAMI = {TPAMI}}

@STRING{PR = {Pattern Recognition}}

@string{PRIA = "Pattern Recognition and Image Analysis"} 

@STRING{PRL = {Pattern Recognition Letters}}

@STRING{SAP = {IEEE Transactions on Speech and Audio Processing}}

@STRING{SMC = {IEEE Transactions on Systems, Man, and Cybernetics}}

@STRING{SMC-C = {IEEE Transactions on Systems, Man, and Cybernetics -- Part C: Applications
	and Reviews}}


@INPROCEEDINGS{Aldavert13,
  AUTHOR =       "D. Aldavert and M. Rusi{\~n}ol and R. Toledo and J. Llad\'{o}s",
  TITLE =        "Integrating Visual and Textual Cues for Query-by-String Word Spotting",
  BOOKTITLE =    ICDAR,
  YEAR =         "2013",
	PAGES=				 {511-515}, 
}

@article{Aldavert15,
 author = {Aldavert, David and Rusi\~{n}ol, Mar\c{c}al and Toledo, Ricardo and Llad\'{o}s, Josep},
 title = {A Study of Bag-of-Visual-Words Representations for Handwritten Keyword Spotting},
 journal = IJDAR,
 issue_date = {September 2015},
 volume = {18},
 number = {3},
 month = sep,
 year = {2015},
 issn = {1433-2833},
 pages = {223--234},
 numpages = {12},
 doi = {10.1007/s10032-015-0245-z},
 acmid = {2816173},
 publisher = {Springer-Verlag},
 address = {Berlin, Heidelberg},
} 

@INPROCEEDINGS{Almazan12,
  AUTHOR =       "J. Almaz{\'a}n and A. Gordo and A. Forn{\'e}s and E. Valveny",
  TITLE =        "Efficient exemplar word spotting",
  BOOKTITLE =    "British Machine Vision Conf.",
  YEAR =         "2012",
  doi =          "10.5244/C.26.67",
}

@INPROCEEDINGS{Almazan12a,
author={J. Almaz{\'a}n and D. Fern{\'a}ndez and A. Forn{\'e}s and J. Llad\'{o}s and E. Valveny},
booktitle=ICFHR,
title={A Coarse-to-Fine Approach for Handwritten Word Spotting in Large Scale Historical Documents Collection},
year={2012},
pages={455-460},
doi={10.1109/ICFHR.2012.151},
month={Sept},}

@INPROCEEDINGS{Almazan13, 
author={J. Almaz{\'a}n and A. Forn{\'e}s and E. Valveny}, 
booktitle=ICDAR, 
title={Deformable HOG-Based Shape Descriptor}, 
year={2013}, 
pages={1022-1026}, 
doi={10.1109/ICDAR.2013.205}, 
ISSN={1520-5363}, 
month={Aug},}

@INPROCEEDINGS{Almazan13a, 
author={J. Almazán and A. Gordo and A. Fornés and E. Valveny}, 
booktitle=ICCV, 
title={Handwritten Word Spotting with Corrected Attributes}, 
year={2013}, 
pages={1017-1024}, 
doi={10.1109/ICCV.2013.130}, 
ISSN={1550-5499}, 
month={Dec},}

@ARTICLE{Almazan14a,
author = "Jon Almaz{\'a}n and Albert Gordo and Alicia Forn{\'e}s and Ernest Valveny",
title = "Segmentation-free word spotting with exemplar {SVMs} ",
journal = "Pattern Recognition ",
volume = "47",
number = "12",
pages = "3967 - 3978",
year = "2014",
issn = "0031-3203",
doi = "10.1016/j.patcog.2014.06.005",
}

@ARTICLE{Almazan14,
author={J. Almaz{\'a}n and A. Gordo and A. Forn{\'e}s and E. Valveny},
journal=PAMI,
title={Word Spotting and Recognition with Embedded Attributes},
year={2014},
volume={36},
number={12},
pages={2552-2566}, 
}

@INPROCEEDINGS{Aouadi11,
author="Nabil Aouadi and Afef Kacem",
title="Word Spotting for Arabic Handwritten Historical Document Retrieval using Generalized Hough Transform",
booktitle={Proc. of the Int. Conf. on Pervasive Patterns and Applications},
year="2011",
pages="67--71",
}

@inproceedings{Ataer07,
 author = {Ataer, Esra and Duygulu, Pinar},
 title = {Matching Ottoman Words: An Image Retrieval Approach to Historical Document Indexing},
 booktitle = {Proc. of the Int. Conf. on Image and Video Retrieval},
 series = {CIVR '07},
 year = {2007},
 isbn = {978-1-59593-733-9},
 pages = {341--347},
 doi = {10.1145/1282280.1282332},
 acmid = {1282332},
 publisher = {ACM},
 address = {New York, NY, USA},
} 

@ARTICLE{Aucouturier07,
   author = "Aucouturier, Jean-Julien and Defreville, Boris and Pachet, François",
   title = "The bag-of-frames approach to audio pattern recognition: A sufficient model for urban soundscapes but not for polyphonic music",
   journal = "The Journal of the Acoustical Society of America",
   year = "2007",
   volume = "122",
   number = "2", 
   pages = "881-891",
}

@BOOK{Baeza11,
  title = {Modern Information Retrieval - the concepts and technology behind
	search, Second edition},
  publisher = {Pearson Education Ltd., Harlow, England},
  year = {2011},
  author = {Ricardo A. Baeza{-}Yates and Berthier A. Ribeiro{-}Neto},
  isbn = {978-0-321-41691-9},
  url = {http://www.mir2ed.org/}
}

@inproceedings{Baird07,
author="Baird, Henry S.",
editor="Chaudhuri, Bidyut B.",
title="The State of the Art of Document Image Degradation Modelling",
booktitle="Digital Document Processing: Major Directions and Recent Advances",
year="2007",
publisher="Springer London",
address="London",
pages="261--279",
isbn="978-1-84628-726-8",
doi="10.1007/978-1-84628-726-8_12",
}

@article{Balakrishnan05,
  author    = {Balakrishnan, N.},
  title     = {{U}niversal {D}igital {L}ibrary: {F}uture research directions},
  journal   = {Journal of Zhejiang University Science},
  volume    = {6A},
  number    = {11},
  year      = {2005},
  pages     = {1204-1205},
}

@INPROCEEDINGS{Balasubramanian06,
author="Balasubramanian, A. and Meshesha, Million and Jawahar, C. V.",
title="Retrieval from Document Image Collections",
booktitle=DAS,
year="2006",
pages="1--12",
doi="10.1007/11669487_1",
}

@ARTICLE{Baum70,
  author = {Baum, L.E. and Petrie, T. and Soules, G. and Weiss, N.},
  title = {A Maximization Technique Occurring in the Statistical Analysis of
	Probabilistic Functions of {Markov} Chains},
  journal = {The Ann. of Math. Stat.},
  year = {1970},
  volume = {41},
}

@ARTICLE{Belongie02, 
author={S. Belongie and J. Malik and J. Puzicha}, 
journal=PAMI, 
title={Shape matching and object recognition using shape contexts}, 
year={2002}, 
volume={24}, 
number={4}, 
pages={509-522}, 
doi={10.1109/34.993558}, 
ISSN={0162-8828}, 
month={Apr},}

@ARTICLE {Bhattacharyya43,
author={A. Bhattacharyya},
title={On A Measure of Divergence Between Two Statistical Populations Defined by their Probability Distributions},
year={1943},
journal="Bulletin of Cal. Math. Soc.",
volume={35},
number={1},
pages={99-109} 
} 

@INPROCEEDINGS{Bideault15, 
author={G. Bideault and L. Mioulet and C. Chatelain and T. Paquet}, 
booktitle=ICDAR, 
title={Benchmarking discriminative approaches for word spotting in handwritten documents}, 
year={2015}, 
pages={201-205}, 
doi={10.1109/ICDAR.2015.7333752}, 
month={Aug},}

@INPROCEEDINGS{Bluche13,
author={T. Bluche and H. Ney and C. Kermorvant},
booktitle=ICASSP,
title={Tandem HMM with convolutional neural network for handwritten word recognition},
year={2013},
pages={2390-2394},
doi={10.1109/ICASSP.2013.6638083},
ISSN={1520-6149},
month={May},}

@INPROCEEDINGS{Bogacz16,
  title={Segmentation Free Spotting of Cuneiform using Part Structured Models},
  author={Bartosz Bogacz and Nicholas Howe and Hubert Mara},
  booktitle=ICFHR,
  year={2016},
	pages = {301 -- 306}
}

@INPROCEEDINGS{Burl98,
author={M. C. Burl and P. Perona},
booktitle=CVPR,
title={Using hierarchical shape models to spot keywords in cursive handwriting data},
year={1998},
pages={535--540},
doi={10.1109/CVPR.1998.698657},
ISSN={1063-6919},
month={Jun},}

@INPROCEEDINGS{Cao07,
author = "Huaigu Cao and Venu Govindaraju",
title = "Template-free word spotting in low-quality manuscripts ",
booktitle={Int. Conf. on Advances in Pattern Recognition}, 
year={2007}, 
pages={45-53}, 
}

@article{Cao09,
author = "Huaigu Cao and Anurag Bhardwaj and Venu Govindaraju",
title = "A probabilistic method for keyword retrieval in handwritten document images ",
journal = "Pattern Recognition ",
volume = "42",
number = "12",
pages = "3374 - 3382",
year = "2009",
note = "New Frontiers in Handwriting Recognition ",
issn = "0031-3203",
doi = "10.1016/j.patcog.2009.02.003",
}

@inproceedings{Causer14,
author = {T. Causer and M. Terras},
title = {Many hands make light work, many hands together make
merry work: {T}ranscribe {B}entham and crowdsourcing
manuscript collections},
booktitle = {M. {R}idge (ed.), {C}rowdsourcing {O}ur {C}ultural
{H}eritage ({A}shgate)},
year = 2014,
}

@INPROCEEDINGS{Chan06, 
author={J. Chan and C. Ziftci and D. Forsyth}, 
booktitle={Proc. of the Int. Conf. on Computer Vision and Pattern Recognition}, 
title={Searching Off-line Arabic Documents}, 
year={2006}, 
volume={2}, 
pages={1455-1462}, 
doi={10.1109/CVPR.2006.269}, 
ISSN={1063-6919}, 
}

@article{Chardy76,
author = "P. Chardy and M. Glemarec and A. Laurec",
title = "Application of inertia methods to benthic marine ecology: Practical implications of the basic options",
journal = "Estuarine and Coastal Marine Science",
volume = "4",
number = "2",
pages = "179 - 205",
year = "1976",
issn = "0302-3524",
doi = "10.1016/0302-3524(76)90041-4",
}

@inproceedings{Chatfield11,
      author = {Ken Chatfield and  Victor Lempitsky and Andrea Vedaldi and  Andrew Zisserman},
      title = {The devil is in the details: an evaluation of recent feature encoding methods},
      year={2011},
      pages={76.1--76.12},
      booktitle={British Machine Vision Conf.},
      publisher={BMVA Press},
      editors={Hoey, Jesse and McKenna, Stephen and Trucco, Emanuele},
      isbn={1-901725-43-X},
      doi = {10.5244/C.25.76},
}

@inproceedings{Chatfield14,
  author       = "Chatfield, K. and Simonyan, K. and Vedaldi, A. and Zisserman, A.",
  title        = "Return of the Devil in the Details: Delving Deep into Convolutional Nets",
  booktitle    = "British Machine Vision Conf.",
  year         = "2014",
  archivePrefix= "arXiv",
  eprint       = "1405.3531",
  primaryClass = "cs"
}

@INPROCEEDINGS{Chen93, 
author={F. R. Chen and L. D. Wilcox and D. S. Bloomberg}, 
title={Word spotting in scanned images using hidden Markov models}, 
booktitle=ICASSP, 
year={1993}, 
volume={5}, 
pages={1-4 vol.5}, 
doi={10.1109/ICASSP.1993.319732}, 
ISSN={1520-6149}, 
month={April},}

@INPROCEEDINGS{Choisy07, 
author={C. Choisy}, 
booktitle=ICDAR, 
title={Dynamic Handwritten Keyword Spotting Based on the NSHP-HMM}, 
year={2007}, 
volume={1}, 
pages={242-246}, 
doi={10.1109/ICDAR.2007.4378712}, 
ISSN={1520-5363}, 
month={Sept},}

@ARTICLE{Christiansen77,
author={R. Christiansen and C. Rushforth},
journal={IEEE Transactions on Acoustics, Speech, and Signal Processing},
title={Detecting and locating key words in continuous speech using linear predictive coding},
year={1977},
volume={25},
number={5},
pages={361-367},
doi={10.1109/TASSP.1977.1162983},
ISSN={0096-3518},
month={Oct},}

@article{Chung89,
author = "J.K Chung and P.L Kannappan and C.T Ng and P.K Sahoo",
title = "Measures of distance between probability distributions",
journal = "Journal of Mathematical Analysis and Applications",
volume = "138",
number = "1",
pages = "280 - 292",
year = "1989",
issn = "0022-247X",
doi = "10.1016/0022-247X(89)90335-1",
}

@INPROCEEDINGS{Comaniciu00,
author={D. Comaniciu and V. Ramesh and P. Meer},
booktitle=CVPR,
title={Real-time tracking of non-rigid objects using mean shift},
year={2000},
volume={2},
pages={142-149 vol.2},
doi={10.1109/CVPR.2000.854761},
ISSN={1063-6919},
}

@inproceedings{Csurka04,
    author = {Gabriella Csurka and Christopher R. Dance and Lixin Fan and Jutta Willamowski and Cédric Bray},
    title = {Visual categorization with bags of keypoints},
    booktitle = {Workshop on Statistical Learning in Computer Vision},
    year = {2004},
    pages = {1--22}
}

@INPROCEEDINGS{Dalal05, 
author={N. Dalal and B. Triggs}, 
booktitle=CVPR, 
title={Histograms of oriented gradients for human detection}, 
year={2005}, 
volume={1}, 
pages={886-893}, 
doi={10.1109/CVPR.2005.177}, 
ISSN={1063-6919}, 
month={June},}

@article{Danielsson80,
author = "Per-Erik Danielsson",
title = "Euclidean distance mapping",
journal = "Computer Graphics and Image Processing",
volume = "14",
number = "3",
pages = "227 - 248",
year = "1980",
issn = "0146-664X",
doi = "10.1016/0146-664X(80)90054-4",
}

@inproceedings{Dietterich02,
 author = {Dietterich, Thomas G.},
 title = {Machine Learning for Sequential Data: A Review},
 booktitle = {Proc. of the Int. Workshop on Structural, Syntactic, and Statistical Pattern Recognition},
 year = {2002},
 pages = {15--30},
 publisher = {Springer-Verlag},
} 

@book{Duda00,
 author = {Duda, Richard O. and Hart, Peter E. and Stork, David G.},
 title = {Pattern Classification (2Nd Edition)},
 year = {2000},
 isbn = {0471056693},
 publisher = {Wiley-Interscience},
} 

@inproceedings{Edwards04,
 author = {Edwards, Jaety and The, Yee Whye and Forsyth, David and Bock, Roger and Maire, Michael and Vesom, Grace},
 title = {Making Latin Manuscripts Searchable Using gHMM's},
 booktitle = {Proc. of the Int. Conf. on Neural Information Processing Systems},
 series = {NIPS'04},
 year = {2004},
 location = {Vancouver, British Columbia, Canada},
 pages = {385--392},
 numpages = {8},
 acmid = {2976089},
 publisher = {MIT Press},
 address = {Cambridge, MA, USA},
} 

@inproceedings{FeiFei05, 
author={L. Fei-Fei and P. Perona}, 
booktitle={Proc. of the Int. Conf. on Computer Vision and Pattern Recognition}, 
title={A Bayesian hierarchical model for learning natural scene categories}, 
year={2005}, 
volume={2}, 
pages={524-531 vol. 2}, 
month={June},}

@ARTICLE{Felzenszwalb10,
author={P. F. Felzenszwalb and R. B. Girshick and D. McAllester and D. Ramanan},
journal=PAMI,
title={Object Detection with Discriminatively Trained Part-Based Models},
year={2010},
volume={32},
number={9},
pages={1627-1645},
doi={10.1109/TPAMI.2009.167},
ISSN={0162-8828},
month={Sept},}

@inproceedings{Fernandez11,
author={Fern{\'a}ndez, David and Llad{\'o}s, Josep and Forn{\'e}s, Alicia},
editor={Vitri{\`a}, Jordi and Sanches, Jo{\~a}o Miguel and Hern{\'a}ndez, Mario},
title="Handwritten Word Spotting in Old Manuscript Images Using a Pseudo-structural Descriptor Organized in a Hash Structure",
booktitle={Iberian Conference on Pattern Recognition and Image Analysis (IbPRIA 2011)},
year={2011},
publisher={Springer Berlin Heidelberg},
address={Berlin, Heidelberg},
pages={628--635},
isbn={978-3-642-21257-4},
doi={10.1007/978-3-642-21257-4_78},
}

@inproceedings{Fernandez13,
 author = {Fern\'{a}ndez, David and Marinai, Simone and Llad\'{o}s, Josep and Forn{\'e}s, Alicia},
 title = {Contextual Word Spotting in Historical Manuscripts Using {M}arkov Logic Networks},
 booktitle = HIP,
 series = {HIP '13},
 year = {2013},
 isbn = {978-1-4503-2115-0},
 location = {Washington, District of Columbia, USA},
 pages = {36--43},
 numpages = {8},
 doi = {10.1145/2501115.2501119},
 acmid = {2501119},
 publisher = {ACM},
 address = {New York, NY, USA},
 keywords = {Markov logic networks, document image processing, handwritten documents, historical document analysis, word-spotting},
} 

@INPROCEEDINGS{Fernandez14, 
author={D. Fernández-Mota and P. Riba and A. Fornés and J. Lladós}, 
booktitle=ICFHR, 
title={On the Influence of Key Point Encoding for Handwritten Word Spotting}, 
year={2014}, 
pages={476-481}, 
doi={10.1109/ICFHR.2014.86}, 
ISSN={2167-6445}, 
month={Sept},}

@INPROCEEDINGS{Fernandez14a, 
author={D. Fernández-Mota and R. Manmatha and A. Fornés and J. Lladós}, 
booktitle=DAS, 
title={Sequential Word Spotting in Historical Handwritten Documents}, 
year={2014}, 
pages={101-105}, 
doi={10.1109/DAS.2014.18}, 
month={April},}

@BOOK{Fink08,
  title = {Markov Models for Pattern Recognition, From Theory to Applications},
  publisher = {Springer},
  year = {2008},
  author = {Gernot A. Fink},
  address = {Heidelberg},
}

@book{Fink14,
  title = {Markov Models for Pattern Recognition, From Theory to Applications},
  series = {Advances in Computer Vision and Pattern Recognition},
  publisher = {Springer},
  edition = {2},
  year = {2014},
  author = {Gernot A. Fink},
  address = {London},
}

@INPROCEEDINGS{Fink14a, 
author={G. A. Fink and L. Rothacker and R. Grzeszick}, 
booktitle=ICFHR, 
title={Grouping Historical Postcards Using Query-by-Example Word Spotting}, 
year={2014}, 
pages={470-475}, 
doi={10.1109/ICFHR.2014.85}, 
month={Sept},}

@INPROCEEDINGS{Fischer10,
author={Fischer, A. and Keller, A. and Frinken, V. and Bunke, H.},
booktitle=ICPR,
title={HMM-based Word Spotting in Handwritten Documents Using Subword Models},
year={2010},
pages={3416-3419}, 
}

@ARTICLE{Fischer12,
  AUTHOR =       "A. Fischer and A. Keller and V. Frinken and H. Bunke",
  TITLE =        "Lexicon-free handwritten word spotting using character {HMM}s",
  JOURNAL =      "Pattern Recognition Letters",
  YEAR =         "2012",
  volume =       "33",
  number =       "7",
  doi =          "10.1016/j.patrec.2011.09.009",
}

@INPROCEEDINGS{Fischer13, 
author={A. Fischer and V. Frinken and H. Bunke and C. Y. Suen}, 
booktitle=ICDAR, 
title={Improving {HMM}-Based Keyword Spotting with Character Language Models}, 
year={2013}, 
pages={506-510}, 
doi={10.1109/ICDAR.2013.107}, 
ISSN={1520-5363}, 
month={Aug},}

@article{Fischler81,
 author = {Fischler, Martin A. and Bolles, Robert C.},
 title = {Random Sample Consensus: A Paradigm for Model Fitting with Applications to Image Analysis and Automated Cartography},
 journal = {Commun. ACM},
 issue_date = {June 1981},
 volume = {24},
 number = {6},
 month = jun,
 year = {1981},
 issn = {0001-0782},
 pages = {381--395},
 numpages = {15},
 doi = {10.1145/358669.358692},
 acmid = {358692},
 publisher = {ACM},
 address = {New York, NY, USA},
} 

[download] 
@inproceedings{Fornes11,
 author = {Forn{\'e}s, Alicia and Frinken, Volkmar and Fischer, Andreas and Almaz\'{a}n, Jon and Jackson, Gabriel and Bunke, Horst},
 title = {A Keyword Spotting Approach Using Blurred Shape Model-based Descriptors},
 booktitle = HIP,
 series = {HIP '11},
 year = {2011},
 isbn = {978-1-4503-0916-5},
 location = {Beijing, China, USA},
 pages = {83--90},
 doi = {10.1145/2037342.2037356},
 publisher = {ACM},
 address = {New York, NY, USA},
} 

@INPROCEEDINGS{Frinken10,
author="Frinken, Volkmar
and Fischer, Andreas
and Bunke, Horst",
title="A Novel Word Spotting Algorithm Using Bidirectional Long Short-Term Memory Neural Networks",
booktitle="Workshop on Artificial Neural Networks in Pattern Recognition",
year="2010",
publisher="Springer Berlin Heidelberg",
address="Cairo, Egypt",
pages="185--196",
isbn="978-3-642-12159-3",
doi="10.1007/978-3-642-12159-3_17",
}

@ARTICLE{Frinken12,
  AUTHOR =       "V. Frinken and A. Fischer and R. Manmatha and H. Bunke",
 TITLE =         "A novel word spotting method based on recurrent neural networks",
  JOURNAL =      PAMI,
  YEAR =         "2012",
  volume =       "34",
  number =       "2",
  doi =          "10.1109/TPAMI.2011.113"
}

@inproceedings{Frinken15, 
author={V. Frinken and S. Uchida}, 
booktitle=ICDAR, 
title={Deep {BLSTM} neural networks for unconstrained continuous handwritten text recognition}, 
year={2015}, 
pages={911-915}, 
doi={10.1109/ICDAR.2015.7333894}, 
month={Aug},
}

@INPROCEEDINGS{Gatos09,
  AUTHOR =       "B. Gatos and I. Pratikakis",
  TITLE =        "Segmentation-free word spotting in historical printed documents",
  BOOKTITLE =    ICDAR,
  YEAR =         "2009",
  doi =          "10.1109/ICDAR.2009.236"
}

@book{Gersho92,
	author =       {Allen Gersho and Robert M. Gray},
	address =      {Boston},
	publisher =    {Kluwer Academic Publishers},
	series =       {Communications and Information Theory},
	title =        {Vector Quantization and Signal Compression},
	year =         {1992},
}

@INPROCEEDINGS{Ghorbel15, 
author={A. Ghorbel and J. M. Ogier and N. Vincent}, 
booktitle=ICDAR, 
title={A segmentation free Word Spotting for handwritten documents}, 
year={2015}, 
pages={346-350}, 
doi={10.1109/ICDAR.2015.7333781}, 
month={Aug},}

@incollection{Ghosh15,
author={Ghosh, Suman K. and Valveny, Ernest},
title={A Sliding Window Framework for Word Spotting Based on Word Attributes},
booktitle={Pattern Recognition and Image Analysis},
year={2015},
volume={9117},
pages={652-661},
doi={10.1007/978-3-319-19390-8_73},
isbn={978-3-319-19389-2},
}

@INPROCEEDINGS{Ghosh15a,
author={Ghosh, Suman K. and Valveny, Ernest},
booktitle=ICDAR,
title={Query by string word spotting based on character bi-gram indexing},
year={2015},
pages={881-885},
doi={10.1109/ICDAR.2015.7333888},
month={Aug},}

@INPROCEEDINGS{Giotis15,
author={A. P. Giotis and G. Sfikas and C. Nikou and B. Gatos},
booktitle=ICDAR,
title={Shape-based word spotting in handwritten document images},
year={2015},
pages={561-565},
doi={10.1109/ICDAR.2015.7333824},
month={Aug},}

@BOOK{Gonzalez02,
	author =	{Rafael C. Gonzalez and Richard E. Woods},
	title =		{Digital Image Processing},
	year =		{2002},
	publisher =	{Prentice-Hall},
	address =	{Upper Saddle River, NJ},
	edition =	{2},
}

@book{Gonzalez06,
 author = {Gonzalez, Rafael C. and Woods, Richard E.},
 title = {Digital Image Processing (3rd Edition)},
 year = {2006},
 isbn = {013168728X},
 publisher = {Prentice-Hall, Inc.},
 address = {Upper Saddle River, NJ, USA},
} 

@online{google-analytics,
  author = {{Google Analytics}},
  date = {2016-07-07},
  url = {http://www.google.com/analytics}
}

@ARTICLE{Graves09,
author={A. Graves and M. Liwicki and S. Fernández and R. Bertolami and H. Bunke and J. Schmidhuber},
journal=PAMI,
title={A Novel Connectionist System for Unconstrained Handwriting Recognition},
year={2009},
volume={31},
number={5},
pages={855-868},
doi={10.1109/TPAMI.2008.137},
ISSN={0162-8828},
month={May},}

@INPROCEEDINGS{Harris88,
    author = {Chris Harris and Mike Stephens},
    title = {A combined corner and edge detector},
    booktitle = {Proc. of Fourth Alvey Vision Conf.},
    year = {1988},
    pages = {147--151}
}

@INPROCEEDINGS{Hast16, 
author={A. Hast and A. Fornés}, 
booktitle=DAS, 
title={A Segmentation-Free Handwritten Word Spotting Approach by Relaxed Feature Matching}, 
year={2016}, 
pages={150-155}, 
doi={10.1109/DAS.2016.40}, 
month={April},}

@INPROCEEDINGS{Hazen09,
author={T. J. Hazen and W. Shen and C. White},
booktitle={Workshop on Automatic Speech Recognition Understanding},
title={Query-by-example spoken term detection using phonetic posteriorgram templates},
year={2009},
pages={421-426},
doi={10.1109/ASRU.2009.5372889},
month={Nov},}

@inproceedings{Howe05,
 author = {Howe, Nicholas R. and Rath, Toni M. and Manmatha, R.},
 title = {Boosted Decision Trees for Word Recognition in Handwritten Document Retrieval},
 booktitle = {Proc. of the Int. Conf. on Research and Development in Information Retrieval},
 series = {SIGIR '05},
 year = {2005},
 isbn = {1-59593-034-5},
 location = {Salvador, Brazil},
 pages = {377--383},
 numpages = {7},
 doi = {10.1145/1076034.1076099},
 acmid = {1076099},
 publisher = {ACM},
 address = {New York, NY, USA},
} 

@article{Howe09,
author = "Nicholas R. Howe and Shaolei Feng and R. Manmatha",
title = "Finding words in alphabet soup: Inference on freeform character recognition for historical scripts ",
journal = "Pattern Recognition ",
volume = "42",
number = "12",
pages = "3338 - 3347",
year = "2009",
note = "New Frontiers in Handwriting Recognition ",
issn = "0031-3203",
doi = "10.1016/j.patcog.2009.01.012",
}

@INPROCEEDINGS{Howe13,
author={N. R. Howe},
booktitle=ICDAR,
title={Part-Structured Inkball Models for One-Shot Handwritten Word Spotting},
year={2013},
pages={582-586},
doi={10.1109/ICDAR.2013.121},
ISSN={1520-5363},
month={Aug},}

@INPROCEEDINGS{Hull94,
    author = {Jonathan J. Hull},
    title = {Document image matching and retrieval with multiple distortion-invariant descriptors},
    booktitle = DAS,
    year = {1994},
    pages = {383--400}
}

@inproceedings{Jaakkola99,
 author = {Jaakkola, Tommi S. and Haussler, David},
 title = {Exploiting Generative Models in Discriminative Classifiers},
 booktitle = {Proc. of the Conf. on Advances in Neural Information Processing Systems II},
 year = {1999},
 isbn = {0-262-11245-0},
 pages = {487--493},
 numpages = {7},
 acmid = {340715},
 publisher = {MIT Press},
 address = {Cambridge, MA, USA},
} 

@ARTICLE{Jegou11,
author={H. Jegou and M. Douze and C. Schmid},
journal=PAMI,
title={Product Quantization for Nearest Neighbor Search},
year={2011},
volume={33},
number={1},
pages={117-128},
doi={10.1109/TPAMI.2010.57},
ISSN={0162-8828},
month={Jan},}

@TECHREPORT{Kane01,
  AUTHOR =        {S. Kane and A. Lehman and E. Partridge},
  TITLE =         {Indexing {G}eorge {W}ashington's Handwritten Manuscripts},
  NUMBER =        {MM-34},
  INSTITUTION =   {Center for Intelligent Information Retrieval, University of Massachusetts Amherst},
  YEAR  =         {2001},
}

@INPROCEEDINGS{Kassis16,
  title={Word Spotting using Radial Descriptor Graph},
	author={Majeed Kassis and Jihad El-Sana}, 
  booktitle=ICFHR,
  year={2016},
	pages = {31 -- 35}
}

@INPROCEEDINGS{Kassis16a,
author={M. Kassis and J. El-Sana},
booktitle=DAS,
title={Automatic Synthesis of Historical Arabic Text for Word-Spotting},
year={2016},
pages={239-244},
doi={10.1109/DAS.2016.9},
month={April},}

@INPROCEEDINGS{Keaton97, 
author={P. Keaton and H. Greenspan and R. Goodman}, 
booktitle={Workshop on Document Image Analysis}, 
title={Keyword spotting for cursive document retrieval}, 
year={1997}, 
pages={74-81}, 
doi={10.1109/DIA.1997.627095}, 
month={Jun},}

@Article{Kesidis11,
author="Kesidis, A. L.
and Galiotou, E.
and Gatos, B.
and Pratikakis, I.",
title="A word spotting framework for historical machine-printed documents",
journal=IJDAR,
year="2011",
volume="14",
number="2",
pages="131--144",
issn="1433-2825",
doi="10.1007/s10032-010-0134-4",
}

@INPROCEEDINGS{Khoubyari93,
    author = {Siamak Khoubyari and Jonathan J. Hull},
    title = {Keyword location in noisy document image},
    booktitle = {Symposium on Document Analysis and Information Retrieval},
    year = {1993},
    pages = {217--231}
}

@TECHREPORT{Knill94,
  AUTHOR =        {Knill, K. M. and Young. S. J.},
  TITLE =         {Speaker dependent keyword spotting for accessing stored speech},
  NUMBER =        {CUED/F-INFENG/TR 193},
  INSTITUTION =   {University of Cambridge, Department of Engineering, Cambridge},
  YEAR  =         {1994},
}

@book{Kohonen01,
 editor = {Teuvo Kohonen},
 title = {Self-Organizing Maps},
 year = {2001},
 edition = {3},
 series = {Springer Series in Information Sciences},
 publisher = {Springer-Verlag},
 address = {Berlin, Heidelberg},
}

@ARTICLE{Kolcz00,
author="Kolcz, A.
and Alspector, J.
and Augusteijn, M.
and Carlson, R.
and Viorel Popescu, G.",
title="A Line-Oriented Approach to Word Spotting in Handwritten Documents",
journal="Pattern Analysis {\&} Applications",
year="2000",
volume="3",
number="2",
pages="153--168",
issn="1433-7541",
doi="10.1007/s100440070020",
}

@Article{Konidaris07,
author="Konidaris, T.
and Gatos, B.
and Ntzios, K.
and Pratikakis, I.
and Theodoridis, S.
and Perantonis, S. J.",
title="Keyword-guided word spotting in historical printed documents using synthetic data and user feedback",
journal=IJDAR,
year="2007",
volume="9",
number="2",
pages="167--177",
issn="1433-2825",
doi="10.1007/s10032-007-0042-4",
}

@Article{Konidaris15,
author="Konidaris, Thomas
and Kesidis, Anastasios L.
and Gatos, Basilis",
title="A segmentation-free word spotting method for historical printed documents",
journal="Pattern Analysis and Applications",
year="2015",
pages="1--14",
issn="1433-755X",
doi="10.1007/s10044-015-0476-0",
}
@INPROCEEDINGS{Kovalchuk14,
author={A. Kovalchuk and L. Wolf and N. Dershowitz},
booktitle=ICFHR,
title={A Simple and Fast Word Spotting Method},
year={2014},
pages={3-8},
doi={10.1109/ICFHR.2014.9},
ISSN={2167-6445},
month={Sept},}

@inproceedings{Kozielski13,
author= {Kozielski, Michal and Doetsch, Patrick and Ney, Hermann},	
title= {Improvements in {RWTH's} system for off-line handwriting recognition},	
booktitle= ICDAR,	
year= 2013,	
pages= {935-939},	
address= {Washington, DC, USA},	
month= aug,	
}

@INPROCEEDINGS{Krishnan16,
  title={Deep Feature Embedding for Accurate Recognition and Retrieval of Handwritten Text},
  author={Praveen Krishnan and Kartik Dutta and C.V. Jawahar},
  booktitle=ICFHR,
  year={2016},
	pages = {289 -- 294}
}

@ARTICLE{Krishnapuram05, 
author={B. Krishnapuram and L. Carin and M. A. T. Figueiredo and A. J. Hartemink}, 
journal=PAMI, 
title={Sparse multinomial logistic regression: fast algorithms and generalization bounds}, 
year={2005}, 
volume={27}, 
number={6}, 
pages={957-968}, 
doi={10.1109/TPAMI.2005.127}, 
ISSN={0162-8828}, 
month={June},}

@ARTICLE{Kulis12,
author={B. Kulis and K. Grauman},
journal=PAMI,
title={Kernelized Locality-Sensitive Hashing},
year={2012},
volume={34},
number={6},
pages={1092-1104},
doi={10.1109/TPAMI.2011.219},
ISSN={0162-8828},
month={June},}

@ARTICLE{Kuo94,
author={Shyh-Shiaw Kuo and O. E. Agazzi},
journal=PAMI,
title={Keyword spotting in poorly printed documents using pseudo 2-D hidden Markov models},
year={1994},
volume={16},
number={8},
pages={842-848},
doi={10.1109/34.308482},
ISSN={0162-8828},
month={Aug},}

@INPROCEEDINGS{Lavrenko04, 
author={V. Lavrenko and T. M. Rath and R. Manmatha}, 
booktitle={Workshop on Document Image Analysis for Libraries}, 
title={Holistic word recognition for handwritten historical documents}, 
year={2004}, 
pages={278-287}, 
doi={10.1109/DIAL.2004.1263256}, 
}

@INPROCEEDINGS{Lazebnik06,
    author = {Lazebnik, S. and Schmid, C. and Ponce, J.},
    booktitle = CVPR,
    title = {Beyond Bags of Features: Spatial Pyramid Matching for Recognizing Natural Scene Categories},
    volume = {2},
    year = {2006},
		pages={2169-2178},
		doi={10.1109/CVPR.2006.68}, 
		ISSN={1063-6919}, 
}

@INPROCEEDINGS{Leydier05, 
author={Y. Leydier and F. Le Bourgeois and H. Emptoz}, 
booktitle=ICDAR, 
title={Omnilingual segmentation-free word spotting for ancient manuscripts indexation}, 
year={2005}, 
pages={533-537 Vol. 1}, 
doi={10.1109/ICDAR.2005.171}, 
ISSN={1520-5363}, 
month={Aug},}

@article{Leydier07,
author = "Yann Leydier and Frank Lebourgeois and Hubert Emptoz",
title = "Text search for medieval manuscript images ",
journal = "Pattern Recognition ",
volume = "40",
number = "12",
pages = "3552 - 3567",
year = "2007",
issn = "0031-3203",
doi = "10.1016/j.patcog.2007.04.024",
}

@ARTICLE{Leydier09,
  AUTHOR =       "Y. Leydier and A. Ouji and F. LeBourgeois and H. Emptoz",
  TITLE =        "Towards an omnilingual word retrieval system for ancient manuscripts",
  JOURNAL =      "Pattern Recognition",
  YEAR =         "2009",
  volume =       "42",
  number =       "9",
  doi =          "10.1016/j.patcog.2009.01.026",
}


@ARTICLE{Liang12,
author = "Y. Liang and M.C. Fairhurst and R.M. Guest",
title = "A synthesised word approach to word retrieval in handwritten documents ",
journal = "Pattern Recognition ",
volume = "45",
number = "12",
pages = "4225 - 4236",
year = "2012",
issn = "0031-3203",
doi = "10.1016/j.patcog.2012.05.024",
}

@article{Likforman07,
author={Likforman-Sulem, Laurence and Zahour, Abderrazak and Taconet, Bruno},
title={Text line segmentation of historical documents: a survey},
year={2007},
issn={1433-2833},
journal=IJDAR,
volume={9},
number={2-4},
doi={10.1007/s10032-006-0023-z},
publisher={Springer-Verlag},
pages={123-138},
}

@INPROCEEDINGS{Llados07, 
author={J. Llados and G. Sanchez}, 
booktitle=ICDAR, 
title={Indexing Historical Documents by Word Shape Signatures}, 
year={2007}, 
volume={1}, 
pages={362-366}, 
doi={10.1109/ICDAR.2007.4378733}, 
ISSN={1520-5363}, 
month={Sept},}

@ARTICLE{Llados12,
  author    = {Josep Llad{\'o}s and
               Mar\c{c}al Rusi{\~n}ol and
               Alicia Forn{\'e}s and
               David Fern{\'a}ndez Mota and
               Anjan Dutta},
  title     = {On the Influence of Word Representations for Handwritten
               Word Spotting in Historical Documents},
  journal   = IJPRAI,
  volume    = {26},
  number    = {5},
  year      = {2012},
	doi				= {10.1142/S0218001412630025}
}

@ARTICLE{Lloyd82,
	author =	{Stuart P. Lloyd},
	title =		{Least Squares Quantization in {PCM}},
	journal =	TransIT,
	year =		{1982},
	volume =	{28},
	number =	{2},
	history =	{Presented as Bell Laboratory Technical Memorandum
			 at a 1957 Institute for Mathematical Statistics
			 meeting.}
	}

@online{library-of-congress,
  author = {{Library of Congress}},
  date = {2016-07-07},
  url = {http://www.loc.gov},
  note = {Washington, DC, USA}
}

@INPROCEEDINGS{Lowe99, 
author={Lowe, David G.}, 
booktitle={The Proc. of the Seventh IEEE Int. Conf. on Computer Vision}, 
title={Object recognition from local scale-invariant features}, 
year={1999}, 
volume={2}, 
number={}, 
doi={10.1109/ICCV.1999.790410}, 
ISSN={},}

@ARTICLE{Lowe04,
  author = {David G. Lowe},
  title = {Distinctive Image Features from Scale-Invariant Keypoints},
  journal = {Int. Journal of Computer Vision},
  year = {2004},
  volume = {60},
}

@INPROCEEDINGS{Manmatha96,
  AUTHOR =       "R. Manmatha and C. Han and E.M. Riseman",
  TITLE =        "Word spotting: a new approach to indexing handwriting",
  BOOKTITLE =    "Proc. of the IEEE Comp. Soc. Conf. on Computer Vision and Pattern Recognition",
  YEAR =         "1996",
  doi =          "10.1109/CVPR.1996.517139", 
}

@ARTICLE{Manmatha05, 
author={R. Manmatha and J. L. Rothfeder}, 
journal=PAMI, 
title={A scale space approach for automatically segmenting words from historical handwritten documents}, 
year={2005}, 
volume={27}, 
number={8}, 
pages={1212-1225}, 
doi={10.1109/TPAMI.2005.150}, 
ISSN={0162-8828}, 
month={Aug},}

@INPROCEEDINGS{Marinai03, 
author={S. Marinai and E. Marino and G. Soda}, 
booktitle=ICDAR, 
title={Indexing and retrieval of words in old documents}, 
year={2003}, 
pages={223-227}, 
volume={1},
doi={10.1109/ICDAR.2003.1227663}, 
month={Aug},}

@INPROCEEDINGS{Marti00, 
author={Marti, Urs-Viktor and Bunke, Horst}, 
booktitle=ICPR, 
title={Handwritten sentence recognition}, 
year={2000}, 
volume={3}, 
pages={463-466 vol.3}, 
}

@ARTICLE{Marti01,
 AUTHOR =       {Marti, Urs-Viktor and Bunke, Horst},
 TITLE =        "Using a statistical language model to improve the performance of an {HMM}-based cursive handwriting recognition system",
 JOURNAL =      "Int. Journal of Pattern Recognition and Artificial Intelligence",
 YEAR =         "2001",
 volume =       "15",
 number =       "1",
}

@article{Matas04,
author = "J Matas and O Chum and M Urban and T Pajdla",
title = "Robust wide-baseline stereo from maximally stable extremal regions ",
journal = "Image and Vision Computing ",
volume = "22",
number = "10",
pages = "761 - 767",
year = "2004",
issn = "0262-8856",
doi = "10.1016/j.imavis.2004.02.006",
}

@INPROCEEDINGS{Moghaddam09,
author={R. F. Moghaddam and M. Cheriet},
booktitle=ICDAR,
title={Application of Multi-Level Classifiers and Clustering for Automatic Word Spotting in Historical Document Images},
year={2009},
pages={511-515},
doi={10.1109/ICDAR.2009.104},
}

@article{Mondal16,
author = "Tanmoy Mondal and Nicolas Ragot and Jean-Yves Ramel and Umapada Pal",
title = "Flexible Sequence Matching technique: An effective learning-free approach for word spotting ",
journal = "Pattern Recognition ",
volume = "60",
pages = {596 -- 612},
year = "2016",
issn = "0031-3203",
doi = "10.1016/j.patcog.2016.05.011",
}

@INPROCEEDINGS{Myers80,
author={C. Myers and L. Rabiner and A. Rosenberg},
booktitle=ICASSP,
title={An investigation of the use of dynamic time warping for word spotting and connected speech recognition},
year={1980},
volume={5},
pages={173-177},
keywords={Automatic speech recognition;Automatic testing;Dynamic programming;Heuristic algorithms;Optimization methods;Pattern matching;Pattern recognition;Performance evaluation;Speech processing;Speech recognition},
doi={10.1109/ICASSP.1980.1171067},
month={Apr},}

@ARTICLE{Neumann16,
author={L. Neumann and J. Matas},
journal=PAMI,
title={Real-Time Lexicon-Free Scene Text Localization and Recognition},
year={2016},
volume={38},
number={9},
pages={1872-1885},
doi={10.1109/TPAMI.2015.2496234},
ISSN={0162-8828},
month={Sept},}

@ARTICLE{OHara11,
  author = {O'Hara, Stephen and Draper, Bruce A.},
  title = {Introduction to the Bag of Features Paradigm for Image Classification
	and Retrieval},
  journal = {Computing Research Repository},
  year = {2011},
  volume = {arXiv:1101.3354v1},
  ee = {http://arxiv.org/abs/1101.3354},
  keywords = {bag-of-features, survey},
}

@INPROCEEDINGS{Okada09,
author={Okada, R.},
title={Discriminative generalized hough transform for object dectection},
booktitle=ICCV,
year={2009},
pages={2000-2005},
doi={10.1109/ICCV.2009.5459441},
ISSN={1550-5499},
}

@INPROCEEDINGS{Pantke14,
author={Pantke, W. and Dennhardt, M. and Fecker, D. and Margner, V. and Fingscheidt, T.},
title={An Historical Handwritten Arabic Dataset for Segmentation-Free Word Spotting - HADARA80P},
booktitle=ICFHR,
year={2014},
pages={15-20},
doi={10.1109/ICFHR.2014.11},
ISSN={2167-6445},
}

@INPROCEEDINGS{Perronnin09,
author={F. Perronnin and J. A. Rodriguez-Serrano},
booktitle=ICDAR,
title={Fisher Kernels for Handwritten Word-spotting},
year={2009},
pages={106-110},
doi={10.1109/ICDAR.2009.16},
ISSN={1520-5363},
month={July},}

@inproceedings{Perronnin10,
author="Perronnin, Florent
and S{\'a}nchez, Jorge
and Mensink, Thomas",
editor="Daniilidis, Kostas
and Maragos, Petros
and Paragios, Nikos",
title="Improving the Fisher Kernel for Large-Scale Image Classification",
booktitle=ECCV,
year="2010",
publisher="Springer Berlin Heidelberg",
address="Berlin, Heidelberg",
pages="143--156",
isbn="978-3-642-15561-1",
doi="10.1007/978-3-642-15561-1_11",
}

@inproceedings{Plinge14,
  title = {{A Bag-of-Features Approach to Acoustic Event Detection}},
  author = {Axel Plinge and Rene Grzeszick and Gernot A. Fink},
  booktitle = ICASSP,
  year = {2014}
}

@article{Plotz09,
  author    = {Thomas Pl{\"o}tz and
               Gernot A. Fink},
  title     = {Markov models for offline handwriting recognition: a survey},
  journal   = IJDAR,
  volume    = {12},
  number    = {4},
  year      = {2009},
  pages     = {269-298},
  doi       = {10.1007/s10032-009-0098-4},
  bibsource = {DBLP, http://dblp.uni-trier.de}
}

@INPROCEEDINGS{Pratikakis14,
author={Pratikakis, I. and Zagoris, K. and Gatos, B. and Louloudis, G. and Stamatopoulos, N.},
title={{ICFHR 2014 C}ompetition on Handwritten Keyword Spotting {(H-KWS 2014)}},
booktitle=ICFHR,
year={2014},
pages={814--819},
doi={10.1109/ICFHR.2014.142},
}

@INPROCEEDINGS{Pratikakis16,
author={Pratikakis, I. and Zagoris, K. and Gatos, B. and Puigcerver, J. and Toselli, A.H. and Vidal, E.},
title={{ICFHR2016 H}andwritten Keyword Spotting Competition {(H-KWS 2016)}},
booktitle=ICFHR,
year={2016},
pages={613--618},
doi={10.1109/ICFHR.2016.109},
}

@INPROCEEDINGS{Puigcerver14,
author={J. Puigcerver and A. H. Toselli and E. Vidal},
booktitle=ICFHR,
title={Word-Graph and Character-Lattice Combination for {KWS} in Handwritten Documents},
year={2014},
pages={181-186},
doi={10.1109/ICFHR.2014.38},
ISSN={2167-6445},
month={Sept},}

@INPROCEEDINGS{Puigcerver15,
author={Puigcerver, J. and Toselli, A.H. and Vidal, E.},
title={{ICDAR2015 C}ompetition on Keyword Spotting for Handwritten Documents},
booktitle=ICDAR,
year={2015},
pages={1176-1180},
doi={10.1109/ICDAR.2015.7333946},
}

@INPROCEEDINGS{Puigcerver15a,
author={J. Puigcerver and A. H. Toselli and E. Vidal},
booktitle=ICDAR,
title={Probabilistic interpretation and improvements to the {HMM}-filler for handwritten keyword spotting},
year={2015},
pages={731-735},
doi={10.1109/ICDAR.2015.7333858},
month={Aug},}


@inproceedings{Rabaev14,
author="Rabaev, Irina and Dinstein, Itshak and El-Sana, Jihad and Kedem, Klara",
editor="Campilho, Aur{\'e}lio and Kamel, Mohamed",
title="Segmentation-Free Keyword Retrieval in Historical Document Images",
booktitle="Proc. of the Int. Conf. on Image Analysis and Recognition",
year="2014",
publisher="Springer International Publishing",
address="Cham",
pages="369--378",
isbn="978-3-319-11758-4",
doi="10.1007/978-3-319-11758-4_40",
}

@INPROCEEDINGS{Rabaev16,
author={I. Rabaev and K. Kedem and J. El-Sana},
booktitle=DAS,
title={Keyword Retrieval Using Scale-Space Pyramid},
year={2016},
pages={144-149},
doi={10.1109/DAS.2016.16},
month={April},}

@INPROCEEDINGS{Rath03, 
author={T. M. Rath and R. Manmatha}, 
booktitle={Proc. of the Int. Conf. on Computer Vision and Pattern Recognition}, 
title={Word image matching using dynamic time warping}, 
year={2003}, 
volume={2}, 
pages={521--527}, 
doi={10.1109/CVPR.2003.1211511}, 
ISSN={1063-6919}, 
month={June},}

@TECHREPORT{Rath03a,
  AUTHOR =        {Rath, Toni M. and Lavrenko, Victor and Manmatha, R.},
  TITLE =         {A Statistical Approach to Retrieving Historical Manuscript Images without Recognition},
  NUMBER =        {ADA478157},
  INSTITUTION =   {SPACE AND NAVAL WARFARE SYSTEMS CENTER SAN DIEGO CA},
  YEAR  =         {2003},
}

@inproceedings{Rath04,
 author = {Rath, Toni M. and Manmatha, R. and Lavrenko, Victor},
 title = {A Search Engine for Historical Manuscript Images},
 booktitle = {Proceedings of the 27th Annual International ACM SIGIR Conference on Research and Development in Information Retrieval},
 series = {SIGIR '04},
 year = {2004},
 isbn = {1-58113-881-4},
 location = {Sheffield, United Kingdom},
 pages = {369--376},
 numpages = {8},
 doi = {10.1145/1008992.1009056},
 acmid = {1009056},
 publisher = {ACM},
 address = {New York, NY, USA},
} 

@ARTICLE{Rath07,
  AUTHOR =       "T.M. Rath and R. Manmatha",
  TITLE =        "Word spotting for historical documents",
  JOURNAL =      IJDAR,
  YEAR =         "2007",
  volume =       "9",
  number =       "2--4",
}

@INPROCEEDINGS{Riba15, 
author={P. Riba and J. Lladós and A. Fornés}, 
booktitle=ICDAR, 
title={Handwritten word spotting by inexact matching of grapheme graphs}, 
year={2015}, 
pages={781-785}, 
doi={10.1109/ICDAR.2015.7333868}, 
month={Aug},}

@INPROCEEDINGS{Rodriguez08,
  AUTHOR =       "J.A. Rodr\'{i}guez-Serrano and F. Perronnin",
  TITLE =        "Local gradient histogram features for word spotting in unconstrained handwritten documents",
  BOOKTITLE =    ICFHR,
  YEAR =         "2008",
	pages =				 "7--12",
}

@INPROCEEDINGS{Rodriguez08a,
author="Jose A. Rodriguez
and Florent Perronnin",
title="Score Normalization for Hmm-based Word Spotting Using Universal Background Model",
booktitle=ICFHR,
year="2008",
pages="82--87",
}

@ARTICLE{Rodriguez09,
  AUTHOR =       "J.A. Rodr\'{i}guez-Serrano and F. Perronnin",
  TITLE =        "Handwritten word-spotting using hidden {M}arkov models and universal vocabularies",
  JOURNAL =      "Pattern Recognition",
  YEAR =         "2009",
  volume =       "42",
  number =       "9",
}

@INPROCEEDINGS{Rodriguez09a,
    author = {José A. Rodríguez-serrano and Florent Perronnin and Josep Lladós and Gemma Sánchez},
    title = {A similarity measure between vector sequences with application to handwritten word image retrieval},
    booktitle = CVPR,
    year = {2009},
    pages = {1722--1729}
}

@INPROCEEDINGS{Rodriguez09b,
author={J. A. Rodríguez-Serrano and F. Perronnin},
booktitle=ICDAR,
title={Handwritten Word Image Retrieval with Synthesized Typed Queries},
year={2009},
pages={351-355},
doi={10.1109/ICDAR.2009.201},
ISSN={1520-5363},
month={July},}

@article{Rodriguez12,
author = "Jose A. Rodriguez-Serrano and Florent Perronnin",
title = "Synthesizing queries for handwritten word image retrieval ",
journal = "Pattern Recognition ",
volume = "45",
number = "9",
pages = "3270 - 3276",
year = "2012",
}

@ARTICLE{Rodriguez12a,
author={Rodríguez-Serrano, J.A. and Perronnin, F.},
title={A Model-Based Sequence Similarity with Application to Handwritten Word Spotting},
journal=PAMI,
year={2012},
volume={34},
number={11},
pages={2108-2120},
doi={10.1109/TPAMI.2012.25},
ISSN={0162-8828},
}

@article{Romero13,
author = "Ver{\'o}nica Romero and Alicia Forn{\'e}s and Nicol{\'a}s Serrano and Joan Andreu S{\'a}nchez and Alejandro H. Toselli and Volkmar Frinken and Enrique Vidal and Josep Llad{\'o}s",
title = {The {ESPOSALLES} database: An ancient marriage license corpus for off-line handwriting recognition},
journal = "Pattern Recognition ",
volume = "46",
number = "6",
pages = "1658 - 1669",
year = "2013",
issn = "0031-3203",
doi = "10.1016/j.patcog.2012.11.024",
}

@INPROCEEDINGS{Rose90, 
author={R. C. Rose and D. B. Paul}, 
booktitle=ICASSP, 
title={A hidden {M}arkov model based keyword recognition system}, 
year={1990}, 
pages={129-132}, 
doi={10.1109/ICASSP.1990.115555}, 
ISSN={1520-6149}, 
month={Apr},}

@mastersthesis{Rothacker11,
  type = {Diploma thesis},
  author = {Rothacker, Leonard},
  title = {Learning Bag-of-Features Representations for Handwriting Recognition},
  school = {TU Dortmund University},
  address = {Dortmund, Germany},
  year = {2011},
  month = nov,
}

@INPROCEEDINGS{Rothacker12,
  AUTHOR =       "L. Rothacker and S. Vajda and G.A. Fink",
  TITLE =        "Bag-of-features representations for offline handwriting recognition applied to {A}rabic script",
  BOOKTITLE =    ICFHR,
  YEAR =         "2012",
	pages={149-154},
	doi={10.1109/ICFHR.2012.185},
	month={Sept.},
}

@INPROCEEDINGS{Rothacker13,
  AUTHOR =       "L. Rothacker and M. Rusi{\~n}ol and G. A. Fink",
  TITLE =        "Bag-of-{F}ea\-tures {HMM}s for {S}egmentation-{F}ree {W}ord {S}potting in
		{H}andwritten {D}ocuments",
  BOOKTITLE =    ICDAR,
  YEAR =         "2013",
	pages={1305-1309},
	doi={10.1109/ICDAR.2013.264},
	ISSN={1520-5363},
	month={Aug},}
}

@INPROCEEDINGS{Rothacker13a,
	author = {L. Rothacker and G. A. Fink and P. Banerjee and U. Bhattacharya and B. B. Chaudhuri},
	title = {Bag-of-{F}eatures {HMMs} for {S}egmentation-Free {B}angla {W}ord {S}potting},
	booktitle = {Proc. of the Int. Workshop on Multilingual OCR},
	year = 2013,
	series = {MOCR '13},
 	isbn = {978-1-4503-2114-3},
 	location = {Washington, D.C., USA},
 	pages = {5:1--5:5},
 	articleno = {5},
 	numpages = {5},
 	doi = {10.1145/2505377.2505384},
 	acmid = {2505384},
 	publisher = {ACM},
 	address = {New York, NY, USA},
}

@ARTICLE{Rothacker14,
author = {L. Rothacker and M. Rusi{\~n}ol and J. Llad{\'o}s and G. A. Fink},
title = {A {T}wo-{S}tage {A}pproach to {S}egmentation-{F}ree {Q}uery-by-{E}xample {W}ord {S}potting},
journal = {manuscript cultures},
year = 2014,
number = 7,
pages = {47--57},
}

@INPROCEEDINGS{Rothacker15,
author={L. Rothacker and G. A. Fink},
booktitle=ICDAR,
title={Segmentation-free query-by-string word spotting with Bag-of-Features {HMM}s},
year={2015},
pages={661-665},
doi={10.1109/ICDAR.2015.7333844},
month={Aug},}

@inproceedings{Rothacker15a,
	author = {Rothacker, Leonard and Fisseler, Denis and M\"{u}ller, Gerfrid G. W. and Weichert, Frank and Fink, Gernot A.},
  title = {Retrieving Cuneiform Structures in a Segmentation-free Word Spotting Framework},
  booktitle = HIP,
 	series = {HIP '15},
 	year = {2015},
 	isbn = {978-1-4503-3602-4},
 	location = {Nancy, France},
 	pages = {129--136},
 	numpages = {8},
 	doi = {10.1145/2809544.2809562},
 	acmid = {2809562},
 	publisher = {ACM},
 	address = {New York, NY, USA},
}

@INPROCEEDINGS{Rothacker16,
  AUTHOR =       {L. Rothacker and G.A. Fink},
  TITLE =        {Robust output modeling in Bag-of-features {HMM}s for handwriting recognition},
  BOOKTITLE =    ICFHR,
  YEAR =         2016,
	pages={199--204},
	doi={10.1109/ICFHR.2016.44}
}

@INPROCEEDINGS{Rothfeder03, 
author={Rothfeder, Jamie L. and Feng, S. and Rath, Toni M.}, 
booktitle={Computer Vision and Pattern Recognition Workshop, 2003. CVPRW '03. Conference on}, 
title={Using Corner Feature Correspondences to Rank Word Images by Similarity}, 
year={2003}, 
volume={3}, 
pages={30-30}, 
ISSN={1063-6919}, 
month={June},}

@INPROCEEDINGS{Roy11,
author={P. P. Roy and J. Y. Ramel and N. Ragot},
booktitle=ICDAR,
title={Word Retrieval in Historical Document Using Character-Primitives},
year={2011},
pages={678-682},
doi={10.1109/ICDAR.2011.142},
ISSN={1520-5363},
month={Sept},}

@article{Roy15,
author = "Partha Pratim Roy and Fr{\'e}d{\'e}ric Rayar and Jean-Yves Ramel",
title = "Word spotting in historical documents using primitive codebook and dynamic programming ",
journal = "Image and Vision Computing ",
volume = "44",
pages = "15 - 28",
year = "2015",
issn = "0262-8856",
doi = "10.1016/j.imavis.2015.09.006",
}

@INPROCEEDINGS{Rusinol11,
  AUTHOR =       "M. Rusi{\~n}ol and D. Aldavert and R. Toledo and J. Llad\'{o}s",
  TITLE =        "Browsing heterogeneous document collections by a segmentation-free word spotting method",
  BOOKTITLE =    ICDAR,
	pages={63-67},
  YEAR =         "2011",
  doi =          "10.1109/ICDAR.2011.22", 
	ISSN={1520-5363}, 
	month={Sept},}

@INPROCEEDINGS{Rusinol12, 
author={M. Rusi{\~n}ol and J. Llad\'{o}s}, 
booktitle=ICFHR, 
title={The role of the users in handwritten word spotting applications: query fusion and relevance feedback}, 
year={2012}, 
pages={55-60}, 
doi={10.1109/ICFHR.2012.282}, 
month={Sept},}

@article{Rusinol14,
author = "Marçal Rusi{\~n}ol and Josep Llad\'{o}s",
title = {Boosting the handwritten word spotting experience by including the user in the loop },
journal = {Pattern Recognition },
volume = {47},
number = {3},
pages = {1063 - 1072},
year = {2014},
issn = "0031-3203",
doi = "10.1016/j.patcog.2013.07.008",
}

@article{Rusinol15,
  AUTHOR = "M. Rusi{\~n}ol and D. Aldavert and R. Toledo and J. Llad\'{o}s",
	title = "Efficient segmentation-free keyword spotting in historical document collections ",
	journal = "Pattern Recognition ",
	volume = "48",
	number = "2",
	pages = "545 - 555",
	year = "2015",
	issn = "0031-3203",
	doi = "10.1016/j.patcog.2014.08.021",
}

@INPROCEEDINGS{Rusinol15a,
author={M. Rusi{\~n}ol and D. Aldavert and R. Toledo and J. Llad\'{o}s},
booktitle=ICDAR,
title={Towards query-by-speech handwritten keyword spotting},
year={2015},
pages={501-505},
doi={10.1109/ICDAR.2015.7333812},
month={Aug},}

@book{Russell03,
 author = {Russell, Stuart J. and Norvig, Peter},
 title = {Artificial Intelligence: A Modern Approach},
 year = {2003},
 isbn = {0137903952},
 edition = {2},
 publisher = {Pearson Education}
}

@inproceedings{Saabni11,
author = {Saabni, Raid M. and El-Sana, Jihad A.},
title = {Word spotting for handwritten documents using Chamfer Distance and Dynamic Time Warping},
journal = {Proc. SPIE, Document Recognition and Retrieval XVIII},
volume = {7874},
year = {2011},
doi = {10.1117/12.873392}
}

@ARTICLE{Sakoe78, 
author={H. Sakoe and S. Chiba}, 
journal={IEEE Transactions on Acoustics, Speech, and Signal Processing}, 
title={Dynamic programming algorithm optimization for spoken word recognition}, 
year={1978}, 
volume={26}, 
number={1}, 
pages={43-49}, 
doi={10.1109/TASSP.1978.1163055}, 
ISSN={0096-3518}, 
month={Feb}}

@Article{Saykol04,
  author    = {Ediz \c{S}aykol and Ali Kemal Sinop and U\^{g}ur G\"{u}d\"{u}kbay and
		\"{O}zg\"{u}r Ulusoy and A. Enis \c{C}etin},
  title     = {Content-based Retrieval of Historical Ottoman Documents Stored as Textual Images},
  journal   = {IEEE Transactions on Image Processing},
  volume    = {13},
  number    = {3},
  year      = {2004},
  pages     = {314-325},
  doi        = {10.1109/TIP.2003.821114}
}

@INPROCEEDINGS{Sfikas16,
  title={Zoning Aggregated Hypercolumns for Keyword Spotting},
  author={Sfikas, Giorgos and Retsinas, Giorgos and Gatos, Basilis},
  booktitle=ICFHR,
  year={2016},
	pages = {283 -- 288}
}

@INPROCEEDINGS{Sharma15,
author={A. Sharma and Pramod Sankar K.},
booktitle=ICDAR,
title={Adapting off-the-shelf CNNs for word spotting \& recognition},
year={2015},
pages={986-990},
doi={10.1109/ICDAR.2015.7333909},
month={Aug},}

@INPROCEEDINGS{Shekhar12,
	author={Shekhar, R. and Jawahar, C.V.},
	booktitle=DAS,
	title={Word Image Retrieval Using Bag of Visual Words},
	year={2012},
  pages={297-301}, 
  month={March},
}

@INPROCEEDINGS{Sivic03,
  author = {Sivic, Josef and Zisserman, Andrew},
	title={Video Google: a text retrieval approach to object matching in videos},
  booktitle = ICCV,
  year = {2003},
  volume = {2},
	year={2003},
	pages={1470-1477},
	doi={10.1109/ICCV.2003.1238663},
	month={Oct},
}

@inproceedings{Smith07,
title = {An Overview of the Tesseract {OCR} Engine},
author  = {Ray Smith},
year  = 2007,
booktitle = ICDAR,
pages = {629--633}
}

@ARTICLE{Srihari06,
    author = {Sargur N. Srihari and Harish Srinivasan and Chen Huang and Shravya Shetty},
    title = {Spotting words in {L}atin, {D}evanagari and {A}rabic scripts},
    journal = {Vivek: Indian Journal of Artificial Intelligence},
    year = {2006},
		volume = {16},
		number = {3},
    pages = {2--9},
}

@INPROCEEDINGS{Strauss16,
author={Strauß, Tobias and Gr\"{u}ning, Tobias and Leifert, Gundram and Labahn, Roger},
title={{CITlab ARGUS} for Keyword Search in Historical Handwritten Documents: Description of
	{CITlab}'s System for the Image{CLEF} 2016 Handwritten Scanned Document Retrieval Task},
booktitle="Working Notes of CLEF (Conference and Labs of the Evaluation forum)",
year="2016",
pages="399--412",
issn="1613-0073",
}
@INPROCEEDINGS{Sudholt15,
author="Sudholt, Sebastian
and Fink, Gernot A.",
title="A Modified Isomap Approach to Manifold Learning in Word Spotting",
booktitle="Proc. of the German Conf. on Pattern Recognition",
year="2015",
pages="529--539",
isbn="978-3-319-24947-6",
doi="10.1007/978-3-319-24947-6_44",
}

@INPROCEEDINGS{Sudholt15a, 
author={S. Sudholt and L. Rothacker and G. A. Fink}, 
booktitle=ICDAR, 
title={Learning local image descriptors for word spotting}, 
year={2015}, 
pages={651-655}, 
doi={10.1109/ICDAR.2015.7333842}, 
month={Aug},}

@inproceedings{Sudholt16,
  author = {Sebastian Sudholt and Gernot A. Fink},
  title = {{PHOCNet}: {A} Deep Convolutional Neural Network for Word Spotting in Handwritten Documents},
  booktitle = ICFHR,
  address = {Shenzhen, China},
  year = {2016},
  pages = {277 -- 282},
	doi={10.1109/ICFHR.2016.55}
}

@inproceedings{Sudholt17,
  title = {Evaluating Word String Embeddings and Loss Functions for {CNN}-based Word Spotting},
  author = {Sebastian Sudholt AND Gernot Fink},
  year = {2017},
  note = {to appear},
  address = {Kyoto, Japan},
  booktitle = ICDAR,
}

@inproceedings{Sun09,
 author = {Sun, Jian and Ovsjanikov, Maks and Guibas, Leonidas},
 title = {A Concise and Provably Informative Multi-scale Signature Based on Heat Diffusion},
 booktitle = {Proc. of the Symposium on Geometry Processing},
 series = {SGP '09},
 year = {2009},
 location = {Berlin, Germany},
 pages = {1383--1392},
 numpages = {10},
 acmid = {1735621},
 publisher = {Eurographics Association},
 address = {Aire-la-Ville, Switzerland, Switzerland},
} 

@INPROCEEDINGS{Terasawa05,
author={K. Terasawa and T. Nagasaki and T. Kawashima},
booktitle=ICDAR,
title={Eigenspace method for text retrieval in historical document images},
year={2005},
pages={437-441},
doi={10.1109/ICDAR.2005.99},
ISSN={1520-5363},
month={Aug},}

@INPROCEEDINGS{Terasawa09, 
author={K. Terasawa and Y. Tanaka}, 
booktitle=ICDAR, 
title={Slit Style HOG Feature for Document Image Word Spotting}, 
year={2009}, 
pages={116-120}, 
doi={10.1109/ICDAR.2009.118}, 
ISSN={1520-5363}, 
month={July},}

@INPROCEEDINGS{Tomai02, 
author={C. I. Tomai and Bin Zhang and V. Govindaraju}, 
booktitle=IWFHR, 
title={Transcript mapping for historic handwritten document images}, 
year={2002}, 
pages={413-418}, 
doi={10.1109/IWFHR.2002.1030945}, 
}

@Article{Thomas15,
author="Thomas, Simon
and Chatelain, Cl{\'e}ment
and Heutte, Laurent
and Paquet, Thierry
and Kessentini, Yousri",
title="A deep HMM model for multiple keywords spotting in handwritten documents",
journal="Pattern Analysis and Applications",
year="2015",
volume="18",
number="4",
pages="1003--1015",
issn="1433-755X",
doi="10.1007/s10044-014-0433-3",
}

@INPROCEEDINGS{Toselli13,
author={A. H. Toselli and E. Vidal},
booktitle=ICDAR,
title={Fast HMM-Filler Approach for Key Word Spotting in Handwritten Documents},
year={2013},
pages={501-505},
doi={10.1109/ICDAR.2013.106},
ISSN={1520-5363},
month={Aug},}

@INPROCEEDINGS{Toselli15, 
author={A. H. Toselli and J. Puigcerver and E. Vidal}, 
booktitle=ICDAR, 
title={Context-aware lattice based filler approach for key word spotting in handwritten documents}, 
year={2015}, 
pages={736-740}, 
doi={10.1109/ICDAR.2015.7333859}, 
month={Aug},}

@article{Toselli16,
author = "Alejandro H. Toselli and Enrique Vidal and Ver{\'o}nica Romero and Volkmar Frinken",
title = "{HMM} word graph based keyword spotting in handwritten document images ",
journal = "Information Sciences ",
volume = "370–371",
pages = "497 - 518",
year = "2016",
issn = "0020-0255",
doi = "10.1016/j.ins.2016.07.063",
}

@INPROCEEDINGS{Toselli16a,
  title={Two Methods to Improve Confidence Scores for Lexicon-free Word Spotting in Handwritten Text},
	author={A. H. Toselli and J. Puigcerver and E. Vidal}, 
  booktitle=ICFHR,
  year={2016},
	pages = {349 -- 354}
}

@ARTICLE{vanderZant08,
author={T. van der Zant and L. Schomaker and K. Haak},
journal=PAMI,
title={Handwritten-Word Spotting Using Biologically Inspired Features},
year={2008},
volume={30},
number={11},
pages={1945-1957},
doi={10.1109/TPAMI.2008.144},
ISSN={0162-8828},
month={Nov},}

@INPROCEEDINGS{Vidal15,
author={E. Vidal and A. H. Toselli and J. Puigcerver},
booktitle=ICDAR,
title={High performance Query-by-Example keyword spotting using Query-by-String techniques},
year={2015},
pages={741-745},
doi={10.1109/ICDAR.2015.7333860},
month={Aug},}

@article{Vinciarelli02,
author = "Alessandro Vinciarelli",
title = "A survey on off-line Cursive Word Recognition ",
journal = "Pattern Recognition ",
volume = "35",
number = "7",
pages = "1433 - 1446",
year = "2002",
issn = "0031-3203",
doi = "10.1016/S0031-3203(01)00129-7",
}

@ARTICLE{Vinciarelli04,
  AUTHOR =       "A. Vinciarelli and S. Bengio and H. Bunke",
  TITLE =        "Offline recognition of unconstrained handwritten texts using {HMM}s and statistical language models",
  JOURNAL =      "IEEE Trans. on Pattern Analysis and Machine Intelligence",
  YEAR =         "2004",
  volume =       "26",
  number =       "6",
	pages={709-720},
  doi =          "10.1109/TPAMI.2004.14",
	ISSN={0162-8828}, 
}

@article{Wahl82,
author = "Friedrich M. Wahl and Kwan Y. Wong and Richard G. Casey",
title = "Block segmentation and text extraction in mixed text/image documents",
journal = "Computer Graphics and Image Processing",
volume = "20",
number = "4",
pages = "375 - 390",
year = "1982",
note = "",
issn = "0146-664X",
doi = "10.1016/0146-664X(82)90059-4",
}

@INPROCEEDINGS{Wang13, 
author={P. Wang and V. Eglin and C. Garcia and C. Largeron and A. McKenna}, 
booktitle=ICDAR, 
title={A Comprehensive Representation Model for Handwriting Dedicated to Word Spotting}, 
year={2013}, 
pages={450-454}, 
doi={10.1109/ICDAR.2013.97}, 
ISSN={1520-5363}, 
month={Aug},}

@INPROCEEDINGS{Wang14,
author={P. Wang and V. Eglin and C. Garcia and C. Largeron and J. Lladós and A. Fornés},
booktitle=DAS,
title={A Novel Learning-Free Word Spotting Approach Based on Graph Representation},
year={2014},
pages={207-211},
doi={10.1109/DAS.2014.46},
month={April},}

@INPROCEEDINGS{Wang14a, 
author={P. Wang and V. Eglin and C. Garcia and C. Largeron and J. Lladós and A. Fornés}, 
booktitle=ICPR, 
title={A Coarse-to-Fine Word Spotting Approach for Historical Handwritten Documents Based on Graph Embedding and Graph Edit Distance}, 
year={2014}, 
pages={3074-3079}, 
doi={10.1109/ICPR.2014.530}, 
ISSN={1051-4651}, 
month={Aug},}

@INPROCEEDINGS{Wshah12,
author={S. Wshah and G. Kumar and V. Govindaraju},
booktitle=ICFHR,
title={Script Independent Word Spotting in Offline Handwritten Documents Based on Hidden Markov Models},
year={2012},
pages={14-19},
doi={10.1109/ICFHR.2012.264},
month={Sept},}

@article{Wshah14,
author = "Safwan Wshah and Gaurav Kumar and Venu Govindaraju",
title = "Statistical script independent word spotting in offline handwritten documents ",
journal = "Pattern Recognition ",
volume = "47",
number = "3",
pages = "1039 - 1050",
year = "2014",
note = "Handwriting Recognition and other PR Applications ",
issn = "0031-3203",
doi = "10.1016/j.patcog.2013.09.019",
}

@INPROCEEDINGS{Wieprecht16, 
author={C. Wieprecht and L. Rothacker and G. A. Fink}, 
booktitle=DAS, 
title={Word Spotting in Historical Document Collections with Online-Handwritten Queries}, 
year={2016}, 
pages={162-167}, 
doi={10.1109/DAS.2016.41}
}

@INPROCEEDINGS{Wilcox92,
author={L. D. Wilcox and M. A. Bush},
booktitle=ICASSP,
title={Training and search algorithms for an interactive wordspotting system},
year={1992},
volume={2},
pages={97-100 vol.2},
doi={10.1109/ICASSP.1992.226111},
ISSN={1520-6149},
month={Mar},}

@inproceedings{Wilkinson15,
author={Wilkinson, Tomas and Brun, Anders},
title="A Novel Word Segmentation Method Based on Object Detection and Deep Learning",
booktitle="Int. Symposium of Advances in Visual Computing",
year="2015",
pages="231--240",
isbn="978-3-319-27857-5",
doi="10.1007/978-3-319-27857-5_21",
}

@INPROCEEDINGS{Wilkinson16,
  title={Semantic and Verbatim Word Spotting using Deep Neural Networks},
  author={Tomas Wilkinson and Anders Brun},
  booktitle=ICFHR,
  year={2016},
	pages = {307 -- 312}
}

@ARTICLE{Wilkinson17,
   author = {{Wilkinson}, T. and {Lindstr{\"o}m}, J. and {Brun}, A.},
    title = {Neural {Ctrl-F: S}egmentation-free Query-by-String Word Spotting in Handwritten Manuscript Collections},
  journal = {ArXiv e-prints},
archivePrefix = "arXiv",
   eprint = {1703.07645},
 primaryClass = "cs.CV",
     year = 2017,
    month = mar,
}

@INPROCEEDINGS{Yoshioka12, 
author={Yoshioka, T. and Sehr, A. and Delcroix, M. and Kinoshita, K. and Maas, R. and Nakatani, T. and Kellermann, W.}, 
booktitle={Signal Information Processing Association Annual Summit and Conference (APSIPA ASC), 2012 Asia-Pacific}, 
title={Survey on approaches to speech recognition in reverberant environments}, 
year={2012}, 
pages={1-4}, 
}

@INPROCEEDINGS{Zhang03,
author = {Zhang, Bin and Srihari, Sargur N. and Huang, Chen},
title = {Word image retrieval using binary features},
booktitle = {Proc. SPIE, Document Recognition and Retrieval XI},
volume = {5296},
pages = {45-53},
year = {2003},
doi = {10.1117/12.523968},
}

@INPROCEEDINGS{Zhang13,
author={X. Zhang and C. L. Tan},
booktitle=ICDAR,
title={Segmentation-Free Keyword Spotting for Handwritten Documents Based on Heat Kernel Signature},
year={2013},
pages={827-831},
doi={10.1109/ICDAR.2013.169},
ISSN={1520-5363},
month={Aug},}

@INPROCEEDINGS{Zhong16,
  title={{SpottingNet}: {L}earning the Similarity of Word Images with Convolutional Neural Network for Word Spotting in Handwritten Historical Documents},
  author={Zhuoyao Zhong and Weishen Pan and Lianwen Jin and Harold Mouchère and Christian Viard-Gaudin},
  booktitle=ICFHR,
  year={2016},
	pages = {295 -- 300}
}

@inproceedings{Zhou2016-LDF,
author = {Zhou, Bolei and Khosla, Aditya and Lapedriza, Agata and Oliva, Aude and Torralba, Antonio},
booktitle = CVPR,
pages = {2921--2929},
title = {Learning Deep Features for Discriminative Localization},
year = {2016}
}

@article{Girshick2016-RBC,
author = {Girshick, Ross and Donahue, Jeff and Darrell, Trevor and Malik, Jitendra},
journal = PAMI,
number = {1},
pages = {142--158},
title = {Region-Based Convolutional Networks for Accurate Object Detection and Segmentation},
volume = {38},
year = {2016}
}

@article{LeCun1998-GBL,
author = {LeCun, Yann and Bottou, L{\'{e}}on and Bengio, Yoshua and Haffner, Patrick},
journal = {Proceedings of the IEEE},
number = {11},
pages = {2278--2324},
title = {Gradient Based Learning Applied to Document Recognition},
volume = {86},
year = {1998}
}
